%% This BibTeX bibliography file was created using BibDesk.
%% http://bibdesk.sourceforge.net/

%% Created for zhangshuofan at 2018-04-28 23:41:47 +1000 


%% Saved with string encoding Unicode (UTF-8) 


@comment{jabref-meta: databaseType:bibtex;}

@book{wooldridge2016,
  title={Introductory econometrics: A modern approach, 6th Edition},
  author={Wooldridge, Jeffrey M},
  year={2016},
  publisher={Cengage}
}

@article{ANS73,
  title={Graphs in statistical analysis},
  author={Anscombe, FJ},
  journal={The American Statistician},
  volume={27},
  number={1},
  pages={17--21},
  year={1973}
}

@article{MM13,
  title={Validation of visual statistical inference, applied to linear models},
  author={Majumder, Mahbubul and Hofmann, Heike and Cook, Dianne},
  journal={Journal of the American Statistical Association},
  volume={108},
  number={503},
  pages={942--956},
  year={2013},
  publisher={Taylor \& Francis Group}
}

@article{DLR18,
  title={Deep Learning with R},
  author={Chollet, Fran{\c{c}}ois and Allaire, JJ},
  year={2018},
  publisher={Manning Publications Co.}
}


@article {Neyman289,
	author = {J.Neyman and E.S.Pearson},
	title = {IX. On the problem of the most efficient tests of statistical hypotheses},
	volume = {231},
	number = {694-706},
	pages = {289--337},
	year = {1933},
	doi = {10.1098/rsta.1933.0009},
	publisher = {The Royal Society},
	issn = {0264-3952},
	journal = {Philosophical Transactions of the Royal Society of London A: Mathematical, Physical and Engineering Sciences}
}

@article{white,
  title={A heteroskedasticity-consistent covariance matrix estimator and a direct test for heteroskedasticity},
  author={White, Halbert},
  journal={Econometrica: Journal of the Econometric Society},
  pages={817--838},
  year={1980},
  publisher={JSTOR}
}


@unpublished{eg,
title= {The central question of the Econometric Game},
author = {P.Frijters},
year = {2018},
note= {Econometric Game},
URL= {http://econometricgame.nl/econometric-game-2018/},
}

@article{lasso,
  title={Regression shrinkage and selection via the lasso},
  author={Tibshirani, Robert},
  journal={Journal of the Royal Statistical Society. Series B (Methodological)},
  pages={267--288},
  year={1996},
  publisher={JSTOR}
}


@article{engle,
  title={Co-integration and error correction: representation, estimation, and testing},
  author={Engle, Robert F and Granger, Clive WJ},
  journal={Econometrica: journal of the Econometric Society},
  pages={251--276},
  year={1987},
  publisher={JSTOR}
}

